<record><leader>00000cas a2200000 a 4500</leader><controlfield tag="001">62596835</controlfield><controlfield tag="008">051214c19939999caumr ne      0   a0pero </controlfield><datafield ind1=" " ind2=" " tag="010"><subfield code="a">sn2005058221</subfield></datafield><datafield ind1=" " ind2=" " tag="040"><subfield code="a">DLC</subfield><subfield code="b">eng</subfield><subfield code="c">DLC</subfield><subfield code="d">NSD</subfield><subfield code="d">OCLCQ</subfield><subfield code="d">DLC</subfield><subfield code="d">OCLCQ</subfield><subfield code="d">OCLCF</subfield></datafield><datafield ind1=" " ind2=" " tag="012"><subfield code="l">a</subfield></datafield><datafield ind1="0" ind2=" " tag="022"><subfield code="a">1933-7701</subfield><subfield code="l">1933-7701</subfield><subfield code="2">1</subfield></datafield><datafield ind1="1" ind2=" " tag="029"><subfield code="a">AU@</subfield><subfield code="b">000040177917</subfield></datafield><datafield ind1=" " ind2=" " tag="037"><subfield code="b">Afghan Journal, POB 370756, Reseda, CA 91335</subfield></datafield><datafield ind1=" " ind2=" " tag="042"><subfield code="a">pcc</subfield><subfield code="a">nsdp</subfield></datafield><datafield ind1=" " ind2=" " tag="043"><subfield code="a">a-af---</subfield></datafield><datafield ind1="0" ind2="0" tag="050"><subfield code="a">Newspaper</subfield></datafield><datafield ind1="1" ind2="0" tag="082"><subfield code="a">051</subfield><subfield code="2">14</subfield></datafield><datafield ind1=" " ind2="0" tag="222"><subfield code="a">Mardum-i Afgha&#772;nista&#772;n</subfield></datafield><datafield ind1="0" ind2="0" tag="245"><subfield code="a">Mardum-i Afgha&#772;nista&#772;n.</subfield></datafield><datafield ind1="3" ind2="0" tag="246"><subfield code="a">Mardum</subfield></datafield><datafield ind1="1" ind2="3" tag="246"><subfield code="a">Jari&#772;dah-&#700;i mardum-i Afgha&#772;nista&#772;n</subfield></datafield><datafield ind1="1" ind2="3" tag="246"><subfield code="a">Mardom</subfield></datafield><datafield ind1=" " ind2=" " tag="260"><subfield code="a">Reseda, CA :</subfield><subfield code="b">Kayva&#772;n</subfield></datafield><datafield ind1=" " ind2=" " tag="300"><subfield code="a">v.</subfield></datafield><datafield ind1="1" ind2=" " tag="362"><subfield code="a">Began in 1993.</subfield></datafield><datafield ind1=" " ind2=" " tag="588"><subfield code="a">Description based on: Sa&#772;l-i 11, shuma&#772;rah-i 84 (5 Ma&#772;rch 2005).</subfield></datafield><datafield ind1=" " ind2=" " tag="588"><subfield code="a">Latest issue consulted: Sa&#772;l-i 11, shuma&#772;rah-i 85 (4 Apri&#772;l 2005).</subfield></datafield><datafield ind1=" " ind2="0" tag="651"><subfield code="a">Afghanistan</subfield><subfield code="v">Newspapers.</subfield></datafield><datafield ind1=" " ind2="7" tag="655"><subfield code="a">Newspapers.</subfield><subfield code="2">fast</subfield><subfield code="0">(OCoLC)fst01423814</subfield></datafield><datafield ind1=" " ind2="7" tag="651"><subfield code="a">Afghanistan.</subfield><subfield code="2">fast</subfield><subfield code="0">(OCoLC)fst01205406</subfield></datafield><datafield ind1=" " ind2=" " tag="752"><subfield code="a">United States</subfield><subfield code="b">California</subfield><subfield code="c">Los Angeles</subfield><subfield code="d">Reseda.</subfield></datafield></record>